@Misc{BiBkey,
	Title                    = {Manifesto for Agile Software Development},

	Author                   = {Beck, Kent and Beedle, Mike and {van~Bennekum}, Arie and Cockburn, Alistair and Cunningham, Ward and Fowler, Martin and Grenning, James and Highsmith, Jim and Hunt, Andrew and Jeffries, Ron and Kern, Jon and Marick, Brian and Martin, Robert C. and Mellor, Steve and Schwaber, Ken and Sutherland, Jeff and Thomas, Dave},
	Year                     = {2001},

	Url                      = {http://www.agilemanifesto.org/},
	Urldate                  = {16.10.2014}
}
